@phdthesis{Tamari,
	AUTHOR = {Dov Tamari},
	TITLE = {Monoides pr\'eordonn\'es et cha\^ines de Malcev},
	SCHOOL = {Universit\'e Paris Sorbonne},
	YEAR = {1951},
}

@article {HuangTamari,
	AUTHOR = {Huang, Samuel and Tamari, Dov},
	TITLE = {Problems of associativity: {A} simple proof for the lattice property of systems ordered by a semi-associative law},
	JOURNAL = {J. Combinatorial Theory Ser. A},
	FJOURNAL = {Journal of Combinatorial Theory. Series A},
	VOLUME = {13},
	YEAR = {1972},
	PAGES = {7--13},
}

@book {TamariFestschrift,
	TITLE = {Associahedra, {T}amari Lattices and Related Structures. Tamari Memorial Festschrift},
	EDITOR = {Folkert M{\"u}ller-Hoissen and Jean Marcel Pallo and Jim Stasheff},
	PUBLISHER = {Springer},
	ADDRESS = {New York},
	SERIES = {Progress in Mathematics},
	VOLUME = {299},
	YEAR = {2012},
	PAGES = {xx+433},
}

@article {Loday,
	AUTHOR = {Jean-Louis~Loday},
	TITLE = {Realization of the {S}tasheff polytope},
	JOURNAL = {Arch.~Math.~(Basel)},
	FJOURNAL = {Archiv der Mathematik},
	VOLUME = {83},
	YEAR = {2004},
	NUMBER = {3},
	PAGES = {267--278},
}

@article {HohlwegLange,
	AUTHOR = {Christophe~Hohlweg and Carsten~E.~M.~C.~Lange},
	TITLE = {Realizations of the associahedron and cyclohedron},
	JOURNAL = {Discrete Comput.~Geom.},
	FJOURNAL = {Discrete \& Computational Geometry. An International Journal of Mathematics and Computer Science},
	VOLUME = {37},
	YEAR = {2007},
	NUMBER = {4},
	PAGES = {517--543},
}

@unpublished {LangePilaud,
	AUTHOR = {Carsten Lange and Vincent Pilaud},
	TITLE = {Associahedra via spines},
 	NOTE = {Preprint, \href{http://arxiv.org/abs/1307.4391}{\texttt{arXiv:1307.4391}}, to appear in \emph{Combinatorica}}, 
	YEAR = {2013},
}

@article {PilaudPons-permutrees,
    AUTHOR = {Pilaud, Vincent and Pons, Viviane},
    TITLE = {Permutrees},
	JOURNAL = {Algebraic Combinatorics},
	PUBLISHER = {MathOA foundation},
	VOLUME = {1},
	NUMBER = {2},
	YEAR = {2018},
	PAGES = {173-224},
}

@incollection{Reading-survey,
	Author = {Nathan Reading},
	Booktitle = {Associahedra, Tamari Lattices and Related Structures~--~Tamari Memorial Festschrift},
	Editor = {Folkert~M{\"u}ller-Hoissen and Jean~Pallo and Jim~Stasheff},
	Pages = {293--322},
	Publisher = {Birkh{\"a}user},
	Series = {Progress in Mathematics},
	Title = {From the Tamari Lattice to Cambrian Lattices and Beyond},
	Volume = {299},
	Year = {2012}
}

@incollection {Reading-FiniteCoxeterGroupsChapter,
	AUTHOR = {Reading, N.},
	TITLE = {Finite {C}oxeter groups and the weak order},
	BOOKTITLE = {Lattice theory: special topics and applications. {V}ol. 2},
	PAGES = {489--561},
	PUBLISHER = {Birkh\"auser/Springer, Cham},
	YEAR = {2016},
}	

@incollection {Reading-PosetRegionsChapter,
	AUTHOR = {Reading, N.},
	TITLE = {Lattice theory of the poset of regions},
	BOOKTITLE = {Lattice theory: special topics and applications. {V}ol. 2},
	PAGES = {399--487},
	PUBLISHER = {Birkh\"auser/Springer, Cham},
	YEAR = {2016},
}

@article {ChatelPilaud,
	AUTHOR = {Gr\'egory Chatel and Vincent Pilaud},
	TITLE = {{C}ambrian {H}opf {Algebras}},
	JOURNAL = {Adv. Math.},
	FJOURNAL = {Advances in Mathematics},
	VOLUME = {311},
	YEAR = {2017},
	PAGES = {598--633},
}

@article {Reading-cambrianLattices,
	AUTHOR = {Nathan~Reading},
	TITLE = {Cambrian lattices},
	JOURNAL = {Adv.~Math.},
	FJOURNAL = {Advances in Mathematics},
	VOLUME = {205},
	YEAR = {2006},
	NUMBER = {2},
	PAGES = {313--353},
}

@article {BergmTamari,
    AUTHOR = {Bergeron, F. and Pr{\'e}ville-Ratelle,
              L.-F.},
     TITLE = {Higher trivariate diagonal harmonics via generalized {T}amari
              posets},
   JOURNAL = {J. Comb.},
  FJOURNAL = {Journal of Combinatorics},
    VOLUME = {3},
      YEAR = {2012},
    NUMBER = {3},
     PAGES = {317--341},
      ISSN = {2156-3527},
   MRCLASS = {05E10 (05A19)},
  MRNUMBER = {3029440},
MRREVIEWER = {Anthony A. Mendes},
       DOI = {10.4310/JOC.2012.v3.n3.a4},
       URL = {http://dx.doi.org/10.4310/JOC.2012.v3.n3.a4},
}

@ARTICLE{RatelleViennot,
   author = {{Préville-Ratelle}, L.-F. and Viennot X.},
    title = "{An extension of Tamari lattices}",
  journal = {DMTCS Proceedings, 27th International Conference on Formal Power Series and Algebraic Combinatorics},
   volume = {0},
   number = {01},
	 year = {2015},
	 issn = {1365-8050},
}

@article{mTamGeom,
author = {Ceballos, Cesar and Padrol, Arnau and Sarmiento, Camilo},
year = {2016},
month = {11},
pages = {},
title = {Geometry of $\nu$-Tamari lattices in types $A$ and $B$},
journal = {Transactions of the American Mathematical Society},
doi = {10.1090/tran/7405}
}

@article{BijTriangulations,
    url = {http://hal.archives-ouvertes.fr/hal-00143870},
    title = {{Catalan's intervals and realizers of triangulations}},
    author = {Bernardi, O. and Bonichon, N.},
    pages = {55-75},
    journal = {Journal of Combinatorial Theory Series A},
    volume = {116},
    number = {1 },
    year = {2009},
}

@article{FangPrevilleRatelle,
 author = {Fang, W. and Pr{\'e}ville-Ratelle, L.-F.},
 title = {The Enumeration of Generalized Tamari Intervals},
 journal = {Eur. J. Comb.},
 issue_date = {March 2017},
 volume = {61},
 number = {C},
 month = mar,
 year = {2017},
 issn = {0195-6698},
 pages = {69--84},
 numpages = {16},
 url = {https://doi.org/10.1016/j.ejc.2016.10.003},
 doi = {10.1016/j.ejc.2016.10.003},
 acmid = {3031467},
 publisher = {Academic Press Ltd.},
 address = {London, UK, UK}
} 

@article {HivertNovelliThibon-algebraBinarySearchTrees,
    AUTHOR = {Hivert, F. and Novelli, J.-C. and Thibon, J.-Y.},
     TITLE = {The algebra of binary search trees},
   JOURNAL = {Theoret. Comput. Sci.},
  FJOURNAL = {Theoretical Computer Science},
    VOLUME = {339},
      YEAR = {2005},
    NUMBER = {1},
     PAGES = {129--165},
      ISSN = {0304-3975},
     CODEN = {TCSDI},
   MRCLASS = {05E05 (68P05 68R10)},
  MRNUMBER = {2142078 (2006a:05166)},
MRREVIEWER = {Volker Strehl},
       DOI = {10.1016/j.tcs.2005.01.012},
       URL = {http://dx.doi.org/10.1016/j.tcs.2005.01.012},
}

@ARTICLE{ChatelPons,
   title = "Counting smaller elements in the Tamari and m-Tamari lattices ",
	journal = "Journal of Combinatorial Theory, Series A ",
	volume = "134",
	number = "",
	pages = "58 - 97",
	year = "2015",
	note = "",
	issn = "0097-3165",
	doi = "http://dx.doi.org/10.1016/j.jcta.2015.03.004",
	url = "http://www.sciencedirect.com/science/article/pii/S0097316515000321",
	author = "Châtel, G. and Pons, V.",
}

@article{ChatelPilaudPons,
     author = {Chatel, Gr\'egory and Pilaud, Vincent and Pons, Viviane},
     title = {The weak order on integer posets},
     journal = {Algebraic Combinatorics},
     publisher = {MathOA foundation},
     volume = {2},
     number = {1},
     year = {2019},
     pages = {1-48},
     doi = {10.5802/alco.36},
     language = {en},
}

@inproceedings{CeballosPonsFPSAC,
   author = {Ceballos, C. and Pons, V.},
    title = "{The s-weak order and s-permutahedra}",
  BOOKTITLE = {{31th International Conference on Formal Power Series and Algebraic Combinatorics (FPSAC 2019)}},
	 year = {2019},
	 PUBLISHER = {{to appear}},
}

@article {LascouxSchutzenberger,
	AUTHOR = {Lascoux, Alain and Sch{\"u}tzenberger, Marcel-Paul},
	TITLE = {Treillis et bases des groupes de {C}oxeter},
	JOURNAL = {Electron. J. Combin.},
	FJOURNAL = {Electronic Journal of Combinatorics},
	VOLUME = {3},
	YEAR = {1996},
	NUMBER = {2},
	PAGES = {Research paper 27, approx. 35 pp. (electronic)},
}

@book {Ziegler,
	AUTHOR = {Ziegler, G{\"u}nter M.},
	TITLE = {Lectures on polytopes},
	SERIES = {Graduate Texts in Mathematics},
	VOLUME = {152},
	PUBLISHER = {Springer-Verlag, New York},
	YEAR = {1995},
	PAGES = {x+370},
}

@article {MalvenutoReutenauer,
	AUTHOR = {Malvenuto, Claudia and Reutenauer, Christophe},
	TITLE = {Duality between quasi-symmetric functions and the {S}olomon descent algebra},
	JOURNAL = {J. Algebra},
	FJOURNAL = {Journal of Algebra},
	VOLUME = {177},
	YEAR = {1995},
	NUMBER = {3},
	PAGES = {967--982},
}

@article {DuchampHivertThibon,
	AUTHOR = {Duchamp, G. and Hivert, F. and Thibon, J.-Y.},
	TITLE = {Noncommutative symmetric functions. {VI}. {F}ree quasi-symmetric functions and related algebras},
	JOURNAL = {Internat. J. Algebra Comput.},
	FJOURNAL = {International Journal of Algebra and Computation},
	VOLUME = {12},
	YEAR = {2002},
	NUMBER = {5},
	PAGES = {671--717},
}

@article {LodayRonco,
	AUTHOR = {Loday, Jean-Louis and Ronco, Mar{\'{\i}}a O.},
	TITLE = {Hopf algebra of the planar binary trees},
	JOURNAL = {Adv. Math.},
	FJOURNAL = {Advances in Mathematics},
	VOLUME = {139},
	YEAR = {1998},
	NUMBER = {2},
	PAGES = {293--309},
}

@article {GelfandKrobLascouxLeclercRetakhThibon,
	AUTHOR = {Gelfand, Israel M. and Krob, Daniel and Lascoux, Alain and Leclerc, Bernard and Retakh, Vladimir S. and Thibon, Jean-Yves},
	TITLE = {Noncommutative symmetric functions},
	JOURNAL = {Adv. Math.},
	FJOURNAL = {Advances in Mathematics},
	VOLUME = {112},
	YEAR = {1995},
	NUMBER = {2},
	PAGES = {218--348},
}